@misc{who-road-traffic-injuries,
  title = {Road Traffic Injuries},
  author = {{World Health Organization}},
  howpublished = {\url{https://www.who.int/news-room/fact-sheets/detail/road-traffic-injuries}},
  note = {Accessed: May 25, 2023}
}

@article{cvzone,
      title={MediaPipe Hands: On-device Real-time Hand Tracking}, 
      author={Fan Zhang and Valentin Bazarevsky and Andrey Vakunov and Andrei Tkachenka and George Sung and Chuo-Ling Chang and Matthias Grundmann},
      year={2020},
      eprint={2006.10214},
      archivePrefix={arXiv},
      primaryClass={cs.CV}
}

@article{hand,
      title={Hand Keypoint Detection in Single Images using Multiview Bootstrapping}, 
      author={Tomas Simon and Hanbyul Joo and Iain Matthews and Yaser Sheikh},
      year={2017},
      eprint={1704.07809},
      archivePrefix={arXiv},
      primaryClass={cs.CV}
}

@misc{google, 
    title={Mediapipe/hands.md at master Â· google/mediapipe}, 
    url={https://github.com/google/mediapipe/blob/master/docs/solutions/hands.md}, 
    journal={GitHub}, 
    author={Google}, 
    year={2023}, 
    month={Apr}
} 

@ONLINE{HSV, title={What is HSV color}, url={https://buzzneers.com/how-to-guides/how-to-get-hsv-values-from-rgb-colorspace-and-vice-versa-in-python/}, author={Syed Faizunnabi}, year={2020}} 